<?xml version="1.0" encoding="UTF-8"?><record xmlns="http://www.loc.gov/MARC21/slim" xmlns:cinclude="http://apache.org/cocoon/include/1.0" xmlns:zs="http://www.loc.gov/zing/srw/">
  <leader>00673cz  a2200193n  4500</leader>
  <controlfield tag="001">no2013024133</controlfield>
  <controlfield tag="003">DLC</controlfield>
  <controlfield tag="005">20130504075323.0</controlfield>
  <controlfield tag="008">130305n| azannaabn          |a aaa     c</controlfield>
  <datafield tag="010" ind1=" " ind2=" ">
    <subfield code="a">no2013024133</subfield>
  </datafield>
  <datafield tag="035" ind1=" " ind2=" ">
    <subfield code="a">(OCoLC)oca09419213</subfield>
  </datafield>
  <datafield tag="040" ind1=" " ind2=" ">
    <subfield code="a">UPB</subfield>
    <subfield code="b">eng</subfield>
    <subfield code="e">rda</subfield>
    <subfield code="c">UPB</subfield>
    <subfield code="d">IEN</subfield>
  </datafield>
  <datafield tag="046" ind1=" " ind2=" ">
    <subfield code="k">2012</subfield>
  </datafield>
  <datafield tag="100" ind1="0" ind2=" ">
    <subfield code="a">Hermeias,</subfield>
    <subfield code="c">of Alexandria,</subfield>
    <subfield code="d">active 5th century.</subfield>
    <subfield code="t">In Platonis Phaedrum scholia.</subfield>
    <subfield code="l">Greek</subfield>
    <subfield code="s">(Lucarini and Moreschini)</subfield>
  </datafield>
  <datafield tag="377" ind1=" " ind2=" ">
    <subfield code="a">grc</subfield>
  </datafield>
  <datafield tag="381" ind1=" " ind2=" ">
    <subfield code="a">Lucarini and Moreschini</subfield>
  </datafield>
  <datafield tag="500" ind1="1" ind2=" ">
    <subfield code="w">r</subfield>
    <subfield code="i">Editor:</subfield>
    <subfield code="a">Lucarini, Carlo M.</subfield>
  </datafield>
  <datafield tag="500" ind1="1" ind2=" ">
    <subfield code="w">r</subfield>
    <subfield code="i">Editor:</subfield>
    <subfield code="a">Moreschini, Claudio</subfield>
  </datafield>
  <datafield tag="670" ind1=" " ind2=" ">
    <subfield code="a">In Platonis Phaedrum scholia, 2012:</subfield>
    <subfield code="b">title page (ediderunt Carlo M. Lucarini et Claudio Moreschini)</subfield>
  </datafield>
</record>